<?xml version="1.0" encoding="UTF-8"?><collection xmlns="http://www.loc.gov/MARC21/slim"><record><leader>00455nam--2200169-u-4500</leader><controlfield tag="001">000056352</controlfield><controlfield tag="002">20161230</controlfield><controlfield tag="005">20161230201052</controlfield><controlfield tag="008">150730s1000------------r-----000-0-eng-d</controlfield><datafield ind1=" " ind2=" " tag="040"><subfield code="a">IFIN-HH</subfield></datafield><datafield ind1="1" ind2=" " tag="100"><subfield code="a">Schrodinger, Erwin</subfield></datafield><datafield ind1="1" ind2="0" tag="245"><subfield code="a">Space-time structure</subfield><subfield code="c">Erwin schrodinger</subfield></datafield><datafield ind1=" " ind2=" " tag="260"><subfield code="a">Cambridge</subfield><subfield code="b">Cambridge Unversity Press</subfield><subfield code="c">1986</subfield></datafield><datafield ind1=" " ind2=" " tag="300"><subfield code="a">119P</subfield></datafield><datafield ind1=" " ind2=" " tag="490"><subfield code="a">Cambridge Science Classics</subfield></datafield><datafield ind1=" " ind2=" " tag="852"><subfield code="a">73071</subfield><subfield code="c">530.12</subfield></datafield><datafield ind1=" " ind2=" " tag="CAT"><subfield code="a">Sys</subfield><subfield code="c">20150730</subfield><subfield code="h">115354</subfield></datafield></record></collection>